<record><leader>00000cas a2200000 a 4500</leader><controlfield tag="001">8769631</controlfield><controlfield tag="008">820913d18651872iludn ne      0   a0eng  </controlfield><datafield ind1=" " ind2=" " tag="010"><subfield code="a">sn 82014236 </subfield><subfield code="z">sn 82006512 </subfield></datafield><datafield ind1=" " ind2=" " tag="040"><subfield code="a">DLC</subfield><subfield code="b">eng</subfield><subfield code="c">DLC</subfield><subfield code="d">NPW</subfield><subfield code="d">NPV</subfield><subfield code="d">NPX</subfield><subfield code="d">DLC</subfield><subfield code="d">NPU</subfield><subfield code="d">OCL</subfield><subfield code="d">NPW</subfield><subfield code="d">DLC</subfield><subfield code="d">NVF</subfield><subfield code="d">CVF</subfield><subfield code="d">NVF</subfield><subfield code="d">CRL</subfield><subfield code="d">NVF</subfield><subfield code="d">CRL</subfield><subfield code="d">DLC</subfield><subfield code="d">NVF</subfield><subfield code="d">OCLCO</subfield><subfield code="d">OCLCQ</subfield><subfield code="d">OCLCF</subfield><subfield code="d">NVF</subfield><subfield code="d">OCLCO</subfield><subfield code="d">CRL</subfield></datafield><datafield ind1=" " ind2=" " tag="019"><subfield code="a">8801139</subfield></datafield><datafield ind1=" " ind2=" " tag="042"><subfield code="a">pcc</subfield></datafield><datafield ind1=" " ind2=" " tag="043"><subfield code="a">n-us-il</subfield></datafield><datafield ind1="0" ind2="0" tag="050"><subfield code="a">Newspaper</subfield></datafield><datafield ind1="0" ind2=" " tag="130"><subfield code="a">Chicago Republican (Chicago, Ill. : 1865)</subfield></datafield><datafield ind1="1" ind2="4" tag="245"><subfield code="a">The Chicago Republican.</subfield></datafield><datafield ind1="1" ind2="3" tag="246"><subfield code="a">Chicago daily Republican</subfield></datafield><datafield ind1=" " ind2=" " tag="260"><subfield code="a">Chicago, Ill. :</subfield><subfield code="b">A.W. Mack,</subfield><subfield code="c">1865-1872.</subfield></datafield><datafield ind1=" " ind2=" " tag="300"><subfield code="a">v.</subfield></datafield><datafield ind1=" " ind2=" " tag="310"><subfield code="a">Daily (except Sunday),</subfield><subfield code="b">Sept. 26, 1870-1872</subfield></datafield><datafield ind1=" " ind2=" " tag="321"><subfield code="a">Daily,</subfield><subfield code="b">May 30, 1865-Jan. 19, 1866</subfield></datafield><datafield ind1=" " ind2=" " tag="321"><subfield code="a">Daily (except Sunday),</subfield><subfield code="b">Jan. 20, 1866-Mar. 23, 1867</subfield></datafield><datafield ind1=" " ind2=" " tag="321"><subfield code="a">Daily,</subfield><subfield code="b">Mar. 24, 1867-Sept. 25, 1870</subfield></datafield><datafield ind1="0" ind2=" " tag="362"><subfield code="a">Vol. 1, no. 1 (May 30, 1865)-v. 7, no. 213 (Mar. 23, 1872).</subfield></datafield><datafield ind1=" " ind2=" " tag="500"><subfield code="a">"Daily" appears in title ornament, May 30-Oct. 31, 1865.</subfield></datafield><datafield ind1=" " ind2=" " tag="530"><subfield code="a">Available on microfilm;</subfield><subfield code="b">Library of Congress, Photoduplication Service.</subfield></datafield><datafield ind1=" " ind2=" " tag="580"><subfield code="a">Triweekly eds.: Tri-weekly Republican (Chicago, Ill.), 1865-&lt;&gt;, and: Chicago Republican (Chicago, Ill. : Triweekly), &lt;1866-1871&gt;</subfield></datafield><datafield ind1=" " ind2=" " tag="580"><subfield code="a">Weekly ed.: Weekly Republican (Chicago, Ill.), &lt;1866-1870&gt;</subfield></datafield><datafield ind1=" " ind2="0" tag="651"><subfield code="a">Chicago (Ill.)</subfield><subfield code="v">Newspapers.</subfield></datafield><datafield ind1=" " ind2="7" tag="651"><subfield code="a">Illinois</subfield><subfield code="z">Chicago.</subfield><subfield code="2">fast</subfield><subfield code="0">(OCoLC)fst01204048</subfield></datafield><datafield ind1=" " ind2="7" tag="655"><subfield code="a">Newspapers.</subfield><subfield code="2">fast</subfield><subfield code="0">(OCoLC)fst01423814</subfield></datafield><datafield ind1=" " ind2=" " tag="752"><subfield code="a">United States</subfield><subfield code="b">Illinois</subfield><subfield code="c">Cook</subfield><subfield code="d">Chicago.</subfield></datafield><datafield ind1="1" ind2=" " tag="775"><subfield code="t">Tri-weekly Republican (Chicago, Ill.)</subfield><subfield code="w">(DLC)sn 85033536</subfield><subfield code="w">(OCoLC)12037751</subfield></datafield><datafield ind1="1" ind2=" " tag="775"><subfield code="t">Chicago Republican (Chicago, Ill. : Triweekly)</subfield><subfield code="w">(DLC)sn 82015016</subfield><subfield code="w">(OCoLC)8797199</subfield></datafield><datafield ind1="1" ind2=" " tag="775"><subfield code="t">Weekly Republican (Chicago, Ill.)</subfield><subfield code="w">(DLC)sn 82014321</subfield><subfield code="w">(OCoLC)8769695</subfield></datafield><datafield ind1="0" ind2="8" tag="776"><subfield code="i">Online version:</subfield><subfield code="t">Chicago Republican (Chicago, Ill. : 1865)</subfield><subfield code="w">(OCoLC)922353780</subfield></datafield><datafield ind1="0" ind2="5" tag="780"><subfield code="t">Post (Chicago, Ill.)</subfield><subfield code="w">(DLC)sn 82006516</subfield><subfield code="w">(OCoLC)8790244</subfield></datafield><datafield ind1="0" ind2="0" tag="785"><subfield code="t">Inter ocean (Chicago, Ill. : 1872)</subfield><subfield code="w">(DLC)sn 83045109</subfield><subfield code="w">(OCoLC)9316238</subfield></datafield><datafield ind1="1" ind2=" " tag="029"><subfield code="a">AU@</subfield><subfield code="b">000002657653</subfield></datafield></record>